@inproceedings{MCTS,
  author    = {Guillaume Chaslot and
               Sander Bakkes and
               Istvan Szita and
               Pieter Spronck},
  title     = {{M}onte-{C}arlo {T}ree {S}earch: {A} {N}ew {F}ramework for {G}ame {AI}},
  booktitle = {AIIDE},
  year      = {2008},
  language 	= {spanish},
}

@article{MCTS2,
 author = {Gelly, Sylvain and Silver, David},
 title = {{M}onte-{C}arlo tree search and rapid action value estimation in computer {G}o},
 journal = {Artif. Intell.},
 issue_date = {July, 2011},
 volume = {175},
 issue = {11},
 month = {July},
 year = {2011},
 issn = {0004-3702},
 pages = {1856--1875},
 numpages = {20},
 url = {http://dx.doi.org/10.1016/j.artint.2011.03.007},
 doi = {http://dx.doi.org/10.1016/j.artint.2011.03.007},
 acmid = {1994536},
 publisher = {Elsevier Science Publishers Ltd.},
 address = {Essex, UK},
 keywords = {Computer Go, Monte-Carlo, Reinforcement learning, Search},
} 

@misc{IAICJMHA,
  author    = {Horcas Aguilera, José Miguel},
  title     = {{A}puntes de {I}nteligencia {A}rtificial e {I}ngeniería del {C}onocimiento, {D}pto. {L}enguajes y {C}iencias de la {C}omputación ({U}. de {M}álaga)},
  year      = {2010},
  note		= {capítulos 11, P11, 12, 13 y K},
}

@misc{IAICLMA,
  author    = {Mandow Andaluz, Lawrence},
  title     = {{A}puntes de {I}nteligencia {A}rtificial e {I}ngeniería del {C}onocimiento, {D}pto. {L}enguajes y {C}iencias de la {C}omputación ({U}. de {M}álaga)},
  year      = {2008},
  note		= {capítulos 8, 11, 12 y 13},
}

@misc{encog,
  key 		= {ENCOG},
  title     = {{E}ncog {M}achine {L}earning {F}ramework},
  year      = {2008},
  howpublished		= {https://github.com/encog, http://code.google.com/p/encog-java/},
}

@misc{java,
  key 		= {JAVA},
  title     = {{J}ava para desarrolladores.},
  howpublished		= {http://www.oracle.com/technetwork/java/index.html},
}

@misc{rfc1321,
  added-at = {2011-10-12T21:36:55.000+0200},
  author = {Rivest, Ronald L.},
  biburl = {http://www.bibsonomy.org/bibtex/2e8938160bac7a3f519d2cae5dd58507b/stroeh},
  howpublished = {Internet RFC 1321},
  interhash = {3f1dd3e4123e81be1d4cc2449b4b74dd},
  intrahash = {e8938160bac7a3f519d2cae5dd58507b},
  keywords = {hash md5},
  month = {April},
  timestamp = {2011-10-12T21:36:55.000+0200},
  title = {The MD5 Message-Digest Algorithm},
  topic = {md5[1]},
  url = {http://tools.ietf.org/html/rfc1321},
  year = {1992},
}

@misc{grundy,
  author = {Weisstein, Eric W.},
  title = {{G}rundy's {G}ame},
  howpublished = {MathWorld--A Wolfram Web Resource},
  url = {http://mathworld.wolfram.com/GrundysGame.html},
}

@misc{complejidadJuegos,
  author = {Eppstein, David},
  title = {{C}omputational complexity of games and puzzles},
  howpublished = {School of Information \& Computer Science, UC Irvine},
  url = {http://www.ics.uci.edu/~eppstein/cgt/hard.html},
}

@misc{reglasLogicas,
  author = {Tromp, John and Taylor, Bill},
  title = {{T}romp-{T}aylor rules of go},
  month = {September},
  year = {1996},
  howpublished = {http://homepages.cwi.nl/~tromp/go.html},
}

@misc{InternationalGoFederation,
  key = {IGoFed},
  title = {{I}nternational {G}o {F}ederation},
  month = {March},
  year = {1982},
  howpublished = {https://intergofed.org/index.php},
}

@misc{EuropeanGoFederation,
  key = {EUGoFed},
  title = {{E}uropean {G}o {F}ederation},
  year = {1957},
  howpublished = {http://www.eurogofed.org/},
}

@inproceedings{GPUMonteCarlo,
   Author = {Sánchez, J. and Álvarez, H. and Borro, D.},
   Title = {GPU Optimizer: A 3D Reconstruction on the GPU Using Monte Carlo Simulations},
   BookTitle = {International Conference on Computer Vision Theory and Applications (VISAPP'2010)},
   Address= {Angers, France},
   Pages = {443-446},
   Isbn = {978-989-674-028-3},
   Year = {2010},
}

@book{glasserman2004monte,
  title={Monte Carlo methods in financial engineering},
  author={Glasserman, P.},
  isbn={9780387004518},
  lccn={03050499},
  series={Applications of mathematics},
  url={http://books.google.es/books?id=e9GWUsQkPNMC},
  year={2004},
  publisher={Springer}
}

@book{george1996monte,
  title={Monte Carlo: concepts, algorithms, and applications},
  author={George S. Fishman},
  isbn={9780387945279},
  lccn={97168075},
  series={Springer series in operations research},
  url={http://books.google.es/books?id=jK8TAhUaK9wC},
  year={1996},
  publisher={Springer-Verlag}
}
