@book{RussellNorvig,
  author    = {Stuart Russell and Peter Norvig},
  title     = {{I}nteligencia {A}rtificial: {U}n {E}nfoque {M}oderno},
  publisher = {Pearson Educación},
  year 		= {2004},
  edition 	= {2},
}

@book{Nilsson,
  author    = {Nils J. Nilsson},
  title     = {{I}nteligencia {A}rtificial. {U}na {N}ueva {S}íntesis},
  publisher = {McGraw-Hill},
  year 		= {2001},
}

@book{PalmaMarin,
  author    = {José T. Palma Méndez and Roque Marín Morales},
  title     = {{I}nteligencia {A}rtificial: {T}écnicas, métodos y aplicaciones},
  publisher = {McGraw-Hill},
  year 		= {2008},
}

@book{stelting2004patrones,
  title={Patrones de dise{\~n}o aplicados a {J}ava},
  author={Stelting, S. and Maassen, O.},
  isbn={9788420538396},
  url={http://books.google.es/books?id=3xHEAAAACAAJ},
  year={2004},
  publisher={PEARSON ; PRENTICE HALL}
}

@book{allis1994searching,
  title={Searching for solutions in games and artificial intelligence/ Louis Victor Allis},
  author={Allis, L.V.},
  isbn={9789090074887},
  url={http://books.google.es/books?id=c7FTAgAACAAJ},
  year={1994},
  publisher={Ponsen \& Looijen}
}

@book{papadimitriou1994computational,
  title={Computational complexity},
  author={Papadimitriou, C.H.},
  isbn={9780201530827},
  lccn={93005662},
  url={http://books.google.es/books?id=JogZAQAAIAAJ},
  year={1994},
  publisher={Addison-Wesley},
}

@book{hearn2009games,
  title={Games, puzzles, and computation},
  author={Hearn, R.A. and Demaine, E.D.},
  isbn={9781568813226},
  lccn={2009002069},
  series={Ak Peters Series},
  url={http://books.google.es/books?id=rOOw5Nw\_p90C},
  year={2009},
  publisher={A K Peters, Ltd.}
}

@book{lasker1960go,
  title={Go and go-moku: the oriental board games},
  author={Lasker, E.},
  isbn={9780486206134},
  lccn={gb61005852},
  url={http://books.google.es/books?id=T6FNqRD5oJYC},
  year={1960},
  publisher={Dover Publications}
}

@book{pressman1995ingenieria,
  title={Ingeniería del software: un enfoque práctico},
  author={Pressman, R.S.},
  isbn={9788476152225},
  url={http://books.google.es/books?id=xGIncgAACAAJ},
  year={1995},
  publisher={McGraw-Hill}
}

